<?xml version="1.0" encoding="UTF-8"?><collection><record><leader>04268ntm a2200517 a 4500</leader><controlfield tag="001">006491421</controlfield><controlfield tag="003">MiAaHDL</controlfield><controlfield tag="005">20190719000000.0</controlfield><controlfield tag="006">m        d        </controlfield><controlfield tag="007">cr bn ---auaua</controlfield><controlfield tag="008">090424s16uu    xx            00| ||ara d</controlfield><datafield tag="035" ind1=" " ind2=" "><subfield code="a">(MiU)006491421</subfield></datafield><datafield tag="035" ind1=" " ind2=" "><subfield code="a">sdr-miu006491421</subfield></datafield><datafield tag="040" ind1=" " ind2=" "><subfield code="a">MiU</subfield><subfield code="c">MiU</subfield><subfield code="e">amremm</subfield></datafield><datafield tag="043" ind1=" " ind2=" "><subfield code="a">n-us-mi</subfield></datafield><datafield tag="100" ind1="1" ind2=" "><subfield code="6">880-01</subfield><subfield code="a">Zāhidī al-Ghazmīnī, Mukhtār ibn Maḥmūd,</subfield><subfield code="d">-1259 or 1260.</subfield></datafield><datafield tag="245" ind1="1" ind2="0"><subfield code="6">880-02</subfield><subfield code="a">[Sharḥ Mukhtaṣar al-Qudūrī,</subfield><subfield code="f">17th century].</subfield></datafield><datafield tag="246" ind1="3" ind2=" "><subfield code="i">Edge title (tail):</subfield><subfield code="a">زاهدى شرح قدورى</subfield></datafield><datafield tag="246" ind1="3" ind2="8"><subfield code="a">قدورى شرح</subfield></datafield><datafield tag="260" ind1=" " ind2=" "><subfield code="c">[16--].</subfield></datafield><datafield tag="300" ind1=" " ind2=" "><subfield code="a">217 leaves :</subfield><subfield code="b">paper ;</subfield><subfield code="c">210 x 155 (169-171 x 105-111) mm.</subfield></datafield><datafield tag="500" ind1=" " ind2=" "><subfield code="a">Shelfmark: Ann Arbor, University of Michigan, Special Collections Library, Isl. Ms. 104</subfield></datafield><datafield tag="500" ind1=" " ind2=" "><subfield code="a">Origin: Lacks dated colophon ; paper suggests early 17th century.</subfield></datafield><datafield tag="500" ind1=" " ind2=" "><subfield code="a">Former shelfmark: British Museum, London "No. 126. Work on law."</subfield></datafield><datafield tag="500" ind1=" " ind2=" "><subfield code="a">Binding: Pasteboards covered in once marbled paper with dark brown leather over spine, foreedge flap and edges/turn-ins ; Type III binding (without flap) ; board linings in laid European paper ; sewn in dark yellow thread, two stations ; worked chevron endbands in red and blue, headband intact, tailband damaged with half missing ; overall in poor condition with severe abrasion, lifting and losses of paper and leather, staining, moisture damage, pest damage, etc.</subfield></datafield><datafield tag="500" ind1=" " ind2=" "><subfield code="a">Support: European laid paper with 8 laid lines per cm. (vertical) and chain lines spaced 28 mm. apart (horizontal) ; watermarks include crown star crescent (compare Heawood 1132) and three crescents (tre lune) ; thick and burnished ; some blocking, smudging, and staining.</subfield></datafield><datafield tag="500" ind1=" " ind2=" "><subfield code="a">Decoration: Section headings rubricated ; overlining of matn in red and black.</subfield></datafield><datafield tag="500" ind1=" " ind2=" "><subfield code="a">Script: Naskh ; fine, clear Turkish hand ; virtually serifless ; effect of tilt to the left ; many open counters ; rightward descenders tapered ; pointing in joined dots, forming lines or curves ; point of final nūn often assimilated with bowl.</subfield></datafield><datafield tag="500" ind1=" " ind2=" "><subfield code="a">Layout: Written in 15 (pp.1-176), 17 (pp.177-216) and 23 (pp.226-434) lines per page ; frame-ruled.</subfield></datafield><datafield tag="500" ind1=" " ind2=" "><subfield code="a">Collation: 4 V (40), IV (48), 12 V(168), IV (176), V (186), VI (198), IV+1 (207), V (217) ; chiefly quinions ; catchwords present ; foliation in red ink, Hindu-Arabic numerals, opens with folio '۱ ۸' on p.1, visible only on first three leaves ; pagination in pencil, Western numerals, supplied during digitization.</subfield></datafield><datafield tag="500" ind1=" " ind2=" "><subfield code="a">Explicit: "فاضرب في اصل المسئلة وعولها ان كانت عائلة فان تساوت للاعداد"</subfield></datafield><datafield tag="500" ind1=" " ind2=" "><subfield code="a">Incipit: "ظل كل شيء مثليه لقوله عم ابردوا في الظهر فان شدة مثليه [كذا] فيح جهنم ولان جبرئل عم صلى الظهر في اليوم الثاني حين صار ظل كل مثليه ..."</subfield></datafield><datafield tag="500" ind1=" " ind2=" "><subfield code="a">Title supplied by cataloguer.</subfield></datafield><datafield tag="500" ind1=" " ind2=" "><subfield code="a">Ms. codex.</subfield></datafield><datafield tag="510" ind1="4" ind2=" "><subfield code="a">Brockelmann, C. GAL,</subfield><subfield code="c">I 174</subfield></datafield><datafield tag="520" ind1="8" ind2=" "><subfield code="a">Fine (though defective) copy of Mukhtār ibn Maḥmūd al-Zāhidī's commentary on al-Qudūrī's Mukhtaṣar, a concise manual of Ḥanafī law ; acephalous and ending abruptly with end wanting. See Mich. Isl. Ms. 62 for another ms. copy.</subfield></datafield><datafield tag="538" ind1=" " ind2=" "><subfield code="a">Mode of access: Internet.</subfield></datafield><datafield tag="541" ind1=" " ind2=" "><subfield code="c">Purchase ;</subfield><subfield code="a">Acquired by purchase along with Abdul Hamid Collection (funds donated by Horace Rackham).</subfield><subfield code="d">1924.</subfield></datafield><datafield tag="546" ind1=" " ind2=" "><subfield code="a">Arabic.</subfield></datafield><datafield tag="561" ind1=" " ind2=" "><subfield code="a">Bookplate of British Museum, London on interior of upper cover, "British Museum, London. No. 126. Work on law." ; circular seal impression with figure of goat/gazelle in purple ink as well as inscription "331" in Western numerals on opening leaf (p.1) ; occasional marginal corrections and glosses.</subfield></datafield><datafield tag="600" ind1="1" ind2="0"><subfield code="a">Qudūrī, Aḥmad ibn Muḥammad,</subfield><subfield code="d">972 or 3-1037.</subfield><subfield code="t">Mukhtaṣar.</subfield></datafield><datafield tag="650" ind1=" " ind2="0"><subfield code="a">Manuscripts, Arabic</subfield><subfield code="z">Michigan</subfield><subfield code="z">Ann Arbor.</subfield></datafield><datafield tag="650" ind1=" " ind2="0"><subfield code="a">Hanafites</subfield><subfield code="v">Early works to 1800.</subfield></datafield><datafield tag="650" ind1=" " ind2="0"><subfield code="a">Islamic law</subfield><subfield code="v">Early works to 1800.</subfield></datafield><datafield tag="773" ind1="0" ind2=" "><subfield code="a">Tiflis Collection.</subfield></datafield><datafield tag="880" ind1="1" ind2="0"><subfield code="6">245-02/</subfield><subfield code="a">[شرح مختصر القدوري,</subfield><subfield code="f">القرن 17م].</subfield></datafield><datafield tag="880" ind1="1" ind2=" "><subfield code="6">100-01/</subfield><subfield code="a">زاهدي الغزميني، مختار بن محمود.</subfield></datafield><datafield tag="CID" ind1=" " ind2=" "><subfield code="a">006491421</subfield></datafield><datafield tag="DAT" ind1="0" ind2=" "><subfield code="a">20190719102634.0</subfield><subfield code="b">20190719000000.0</subfield></datafield><datafield tag="DAT" ind1="1" ind2=" "><subfield code="a">20190719090653.0</subfield><subfield code="b">2019-07-19T16:11:00Z</subfield></datafield><datafield tag="DAT" ind1="2" ind2=" "><subfield code="a">2015-10-10T18:00:06Z</subfield></datafield><datafield tag="CAT" ind1=" " ind2=" "><subfield code="a">SDR-MIU</subfield><subfield code="d">EX LIBRIS - ALEPH</subfield><subfield code="l">prepare.pl-004-008</subfield></datafield><datafield tag="FMT" ind1=" " ind2=" "><subfield code="a">BK</subfield></datafield><datafield tag="HOL" ind1=" " ind2=" "><subfield code="0">sdr-miu006491421</subfield><subfield code="a">MiU</subfield><subfield code="b">SDR</subfield><subfield code="c">MIU</subfield><subfield code="p">mdp.39015079125533</subfield><subfield code="s">MIU</subfield><subfield code="1">006491421</subfield></datafield><datafield tag="974" ind1=" " ind2=" "><subfield code="b">MIU</subfield><subfield code="c">MIU</subfield><subfield code="d">20190719</subfield><subfield code="s">lit-dlps-dc</subfield><subfield code="u">mdp.39015079125533</subfield><subfield code="y">1699</subfield><subfield code="r">pd</subfield><subfield code="q">bib</subfield><subfield code="t">non-US bib date1 &lt; 1896</subfield></datafield></record></collection>